<?xml version = "1.0" encoding = "UTF-8"?><OAI-PMH xmlns="http://www.openarchives.org/OAI/2.0/" xmlns:xsi="http://www.w3.org/2001/XMLSchema-instance" xsi:schemaLocation="http://www.openarchives.org/OAI/2.0/ http://www.openarchives.org/OAI/2.0/OAI-PMH.xsd"><ListRecords><record><header><identifier>aleph-publish:010947814</identifier></header><metadata><record xmlns="http://www.ddb.de/professionell/mabxml/mabxml-1.xsd"><leader>00444vM2.01200024------h</leader><controlfield tag="LDR">00444vM2.01200024------h</controlfield><controlfield tag="FMT">MH</controlfield><datafield tag="001" ind1="-" ind2="1"><subfield code="a">HT012796134</subfield></datafield><datafield tag="002" ind1="a" ind2="1"><subfield code="a">20000823</subfield></datafield><datafield tag="003" ind1="-" ind2="1"><subfield code="a">20190322</subfield></datafield><datafield tag="025" ind1="o" ind2="1"><subfield code="a">1071446219</subfield></datafield><datafield tag="026" ind1="-" ind2="1"><subfield code="a">HBZHT012796134</subfield></datafield><controlfield tag="030">a|1uc||||||17</controlfield><datafield tag="036" ind1="a" ind2="1"><subfield code="a">JP</subfield></datafield><datafield tag="037" ind1="b" ind2="1"><subfield code="a">chi</subfield><subfield code="a">jpn</subfield></datafield><controlfield tag="050">a|||||||||||||</controlfield><controlfield tag="051">md||||||</controlfield><datafield tag="064" ind1="a" ind2="1"><subfield code="a">Zitatensammlung</subfield><subfield code="9">(DE-588)4117724-1</subfield></datafield><datafield tag="070" ind1="-" ind2="1"><subfield code="a">385</subfield></datafield><datafield tag="070" ind1="b" ind2="1"><subfield code="a">HBZ/Red</subfield></datafield><datafield tag="078" ind1="f" ind2="1"><subfield code="a">oas</subfield></datafield><datafield tag="080" ind1="-" ind2="1"><subfield code="a">60</subfield></datafield><datafield tag="100" ind1="-" ind2="1"><subfield code="p">Ikeda, Shirōjirō</subfield><subfield code="d">1864-1933</subfield><subfield code="9">(DE-588)173399576</subfield></datafield><datafield tag="101" ind1="-" ind2="1"><subfield code="p">Ikeda, Roshū</subfield><subfield code="d">1864-1933</subfield></datafield><datafield tag="101" ind1="-" ind2="1"><subfield code="p">Ikeda, In</subfield><subfield code="d">1864-1933</subfield></datafield><datafield tag="331" ind1="a" ind2="1"><subfield code="a">Koji jukugo daijiten</subfield></datafield><datafield tag="359" ind1="-" ind2="1"><subfield code="a">Ikeda Shirōjirō cho</subfield></datafield><datafield tag="403" ind1="-" ind2="1"><subfield code="a">92-han</subfield></datafield><datafield tag="410" ind1="-" ind2="1"><subfield code="a">Tōkyō</subfield></datafield><datafield tag="412" ind1="-" ind2="1"><subfield code="a">Hōbunkan</subfield></datafield><datafield tag="425" ind1="-" ind2="1"><subfield code="a">Shōwa 15 [1930]</subfield></datafield><datafield tag="425" ind1="a" ind2="1"><subfield code="a">1930</subfield></datafield><datafield tag="433" ind1="-" ind2="1"><subfield code="a">[16], 206, 1750, 202, 8 S. : Ill.</subfield></datafield><datafield tag="503" ind1="-" ind2="1"><subfield code="p">Übers. d. Hauptsacht.</subfield><subfield code="a">Zitatenlexikon</subfield></datafield><datafield tag="902" ind1="-" ind2="1"><subfield code="s">Klassisches Chinesisch</subfield><subfield code="9">(DE-588)4114217-2</subfield></datafield><controlfield tag="SYS">010947814</controlfield><datafield tag="952" ind1="-" ind2="1"><subfield code="s">Wenyan</subfield></datafield><datafield tag="952" ind1="-" ind2="1"><subfield code="s">Wen-yen</subfield></datafield><datafield tag="088" ind1=" " ind2=" "><subfield code="a">385</subfield><subfield code="b">27</subfield><subfield code="c">CC/od24245</subfield><subfield code="e">Kurzausleihe</subfield></datafield><datafield tag="700" ind1=" " ind2="9"><subfield code="a">27=CC</subfield><subfield code="2">T0011</subfield></datafield></record></metadata></record></ListRecords></OAI-PMH>